
@online{bib:cambridge,
  author                   = {Cambridge University Press 2023},
  title                    = {ARTIFICIAL INTELLIGENCE - Cambridge English Dictionary},
  year                     = {2023}, 
  url                      = {https://dictionary.cambridge.org/dictionary/english/artificial-intelligence},
  urldate                  = {2023-02-15}
}

@Article{bib:whatIsAI,
  Title                    = {WHAT IS ARTIFICIAL INTELLIGENCE?},
  Author                   = {John McCarthy},
  Journal                  = {Computer Science Department, Stanford University},
  Year                     = {2004},
  Number                   = {},
  Pages                    = {8--11},
  Volume                   = {}
}

@InProceedings{bib:LSTM-prediction,
  Title                    = {A LSTM-based method for stock returns prediction: A case study of China stock market},
  Author                   = {Kai Chen, Yi Zhou, Fangyan Dai},
  Booktitle                = {IEEE International Conference on Big Data},
  Year                     = {2015}, 
  Pages                    = {2823--2824}
}

@InProceedings{bib:NNtypes,
  Title                    = {Stock price prediction using LSTM, RNN and CNN-sliding window model},
  Author                   = {Sreelekshmy Selvin, R Vinayakumar, E. A Gopalakrishnan and Vijay Krishna Menon and K. P. Soman},
  Booktitle                = {International Conference on Advances in Computing, Communications and Informatics (ICACCI)},
  Year                     = {2017}, 
  Pages                    = {1643--1647}
}

@Article{bib:GRU-prediction,
  Title                    = {StockNet—GRU based stock index prediction},
  Author                   = {Umang Gupta, Vandana Bhattacharjee, Partha Sarathi Bishnu},
  Journal                  = {Expert Systems with Applications},
  Year                     = {202},
  Volume                   = {207}
}

@Article{bib:technicalAnalysis,
  Title                    = {How rewarding is technical analysis? Evidence from Singapore stock market},
  Author                   = {Wing-Keung Wong, Meher Manzur, Boon-Kiat Chew},
  Journal                  = {Applied Financial Economics},
  Year                     = {2003},
  Pages                    = {543--551},
  Volume                   = {13}
}

@Article{bib:techFundamentalAnalysis,
  Title                    = {A systematic review of fundamental and technical analysis of stock market predictions},
  Author                   = {Isaac Kofi Nti, Adebayo Felix Adekoya, Benjamin Asubam Weyori},
  Journal                  = {Artif Intell Rev},
  Year                     = {2020},
  Pages                    = {3007--3057},
  Volume                   = {53}
}

@Article{bib:quantitativeAnalysis,
  Title                    = {Keynes the Stock Market Investor: A Quantitative Analysis},
  Author                   = {David Chambers, Elroy Dimson, Justin Foo},
  Journal                  = {Journal of Financial and Quantitative Analysis},
  Year                     = {2015},
  Pages                    = {843--868},
  Volume                   = {50}
}

@Article{bib:newsAnalysis,
  Title                    = {Predicting Stock Market Behavior using Data Mining Technique and News Sentiment Analysis},
  Author                   = {Ayman E. Khedr, S.E.Salama, Nagwa Yaseen},
  Journal                  = {I.J. Intelligent Systems and Applications},
  Year                     = {2017},
  Pages                    = {22--30}
}

% Used technologies
@online{bib:python,
  author                   = {Python Software Foundation},
  url                      = {https://www.python.org/}
}

@online{bib:keras,
  author                   = {François Chollet},
  url                      = {https://keras.io/}
}